@book{adams1995hitchhiker,
  title={The Hitchhiker's Guide to the Galaxy},
  author={Adams, D.},
  isbn={9781417642595},
  url={http://books.google.com/books?id=W-xMPgAACAAJ},
  year={1995},
  publisher={San Val}
}

@conference{ringSig,
  title={How to Leak a Secret},
  author={Ronald L. RivestAdi ShamirYael Tauman},
  url={https://people.csail.mit.edu/rivest/pubs/RST01.pdf},
  year={2001},
  publisher={ASIACRYPT}
}
